@inproceedings{c1,
title={How Many Robots are Enough: A Multi-Objective Genetic Algorithm for the Single-Objective Time-Limited Complete Coverage Problem},
author={Zhou, Xing and Wang, Huaimin and Ding, Bo},
booktitle={IEEE 2018 International Conference on Robotics and Automation (ICRA), Brisbane, Australia},
pages={2380--2387},
organization={IEEE},
year={2018}}


@ARTICLE{c3,
  author={Kan, Xinyue and Teng, Hanzhe and Karydis, Konstantinos},
  journal={IEEE Robotics and Automation Letters},
  title={Online Exploration and Coverage Planning in Unknown Obstacle-Cluttered Environments},
  year={2020},
  volume={5},
  number={4},
  pages={5969-5976},
  doi={10.1109/LRA.2020.3010455}}

@article{c4,
  title={Energy-efficient coverage path planning for general terrain surfaces},
  author={Wu, Chenming and Dai, Chengkai and Gong, Xiaoxi and Liu, Yong-Jin and Wang, Jun and Gu, Xianfeng David and Wang, Charlie CL},
  journal={IEEE Robotics and Automation Letters},
  volume={4},
  number={3},
  pages={2584--2591},
  year={2019},
  publisher={IEEE}
}

@inproceedings{c2,
  title={Multi-robot field exploration in hex-decomposed environments for dubins vehicles},
  author={Kan, Xinyue and Teng, Hanzhe and Karydis, Konstantinos},
  booktitle={2019 IEEE International Conference on Robotics and Biomimetics (ROBIO), Dali, China},
  pages={449--455},
  year={2019},
  organization={IEEE}
}
@inproceedings{c5,
  title={Cloud-based framework for scalable and real-time multi-robot slam},
  author={Zhang, Pengfei and Wang, Huaimin and Ding, Bo and Shang, Suning},
  booktitle={2018 IEEE International Conference on Web Services (ICWS), San Francisco, USA },
  pages={147--154},
  year={2018},
  organization={IEEE}
}

@inproceedings{c6,
  title={Riverine coverage with an autonomous surface vehicle over known environments},
  author={Karapetyan, Nare and Braude, Adam and Moulton, Jason and Burstein, Joshua A and White, Scott and O’Kane, Jason M and Rekleitis, Ioannis},
  booktitle={2019 IEEE/RSJ International Conference on Intelligent Robots and Systems (IROS), Macau, China},
  pages={3098--3104},
  year={2019},
  organization={IEEE}
}

@inproceedings{c7,
  title={Dynamic autonomous surface vehicle control and applications in environmental monitoring},
  author={Karapetyan, Nare and Moulton, Jason and Rekleitis, Ioannis},
  booktitle={OCEANS 2019 MTS/IEEE SEATTLE,  Marseille, France},
  pages={1--6},
  year={2019},
  organization={IEEE}
}

@article{c8,
  title={Communication-motion planning for wireless relay-assisted multi-robot system},
  author={Wu, Yunlong and Zhang, Bo and Yi, Xiaodong and Tang, Yuhua},
  journal={IEEE Wireless Communications Letters},
  volume={5},
  number={6},
  pages={568--571},
  year={2016},
  publisher={IEEE}
}

@article{c9,
  title={Navigation of autonomous vehicles for oil spill cleaning in dynamic and uncertain environments},
  author={Jin, Xin and Ray, Asok},
  journal={International Journal of Control},
  volume={87},
  number={4},
  pages={787--801},
  year={2014},
  publisher={Taylor \& Francis}
}

@inproceedings{c10,
  title={Multi-robot dubins coverage with autonomous surface vehicles},
  author={Karapetyan, Nare and Moulton, Jason and Lewis, Jeremy S and Li, Alberto Quattrini and O'Kane, Jason M and Rekleitis, Ioannis},
  booktitle={International Conference on Robotics and Automation (ICRA), Brisbane, Australia},
  pages={2373--2379},
  year={2018},
  organization={IEEE}
}

@inproceedings{c11,
  title={Constrained heterogeneous vehicle path planning for large-area coverage},
  author={Deng, Di and Jing, Wei and Fu, Yuhe and Huang, Ziyin and Liu, Jiahong and Shimada, Kenji},
  booktitle={2019 IEEE/RSJ International Conference on Intelligent Robots and Systems (IROS), Macau, China},
  pages={4113--4120},
  year={2019},
  organization={IEEE}
}

@article{c12,
  title={Agricultural robotics: the future of robotic agriculture},
  author={Duckett, Tom and Pearson, Simon and Blackmore, Simon and Grieve, Bruce and Chen, Wen-Hua and Cielniak, Grzegorz and Cleaversmith, Jason and Dai, Jian and Davis, Steve and Fox, Charles and others},
  journal={arXiv preprint arXiv:1806.06762},
  year={2018}
}

@inproceedings{c13,
  title={UAV-based crop and weed classification for smart farming},
  author={Lottes, Philipp and Khanna, Raghav and Pfeifer, Johannes and Siegwart, Roland and Stachniss, Cyrill},
  booktitle={2017 IEEE International Conference on Robotics and Automation (ICRA), Singapore},
  pages={3024--3031},
  year={2017},
  organization={IEEE}
}

@inproceedings{c14,
  title={Optimal coverage of a known arbitrary environment},
  author={Mannadiar, Raphael and Rekleitis, Ioannis},
  booktitle={2010 IEEE International conference on robotics and automation, Anchorage, AK, USA},
  pages={5525--5530},
  year={2010},
  organization={IEEE}
}

@inproceedings{c15,
  title={Optimal complete terrain coverage using an unmanned aerial vehicle},
  author={Xu, Anqi and Viriyasuthee, Chatavut and Rekleitis, Ioannis},
  booktitle={2011 IEEE International conference on robotics and automation (ICRA), Shanghai, China},
  pages={2513--2519},
  year={2011},
  organization={IEEE}
}


@inproceedings{c16,
  title={Efficient multi-robot coverage of a known environment},
  author={Karapetyan, Nare and Benson, Kelly and McKinney, Chris and Taslakian, Perouz and Rekleitis, Ioannis},
  booktitle={2017 IEEE/RSJ International Conference on Intelligent Robots and Systems (IROS), Vancouver, USA},
  pages={1846--1852},
  year={2017},
  organization={IEEE}
}

@article{c17,
  title={$\epsilon^{\ast} $: An Online Coverage Path Planning Algorithm},
  author={Song, Junnan and Gupta, Shalabh},
  journal={IEEE Transactions on Robotics},
  volume={34},
  number={2},
  pages={526--533},
  year={2018},
  publisher={IEEE}
}


@article{c18,
  title={$\epsilon^{\ast} $+: An Online Coverage Path Planning Algorithm for Energy-constrained Autonomous Vehicles},
  author={Shen, Zongyuan and Wilson, James P and Gupta, Shalabh},
  journal={arXiv preprint arXiv:2008.13041},
  year={2020}
}

@inproceedings{c20,
  title={BSA: A complete coverage algorithm},
  author={Gonzalez, Enrique and Alvarez, Oscar and Diaz, Yul and Parra, Carlos and Bustacara, Cesar},
  booktitle={Proceedings of the 2005 IEEE International Conference on Robotics and Automation (ICRA),  Barcelona, Spain},
  pages={2040--2044},
  year={2005},
  organization={IEEE}
}

@inproceedings{c19,
  title={An online coverage path planning algorithm for curvature-constrained AUVs},
  author={Shen, Zongyuan and Wilson, James P and Gupta, Shalabh},
  booktitle={OCEANS 2019 MTS/IEEE SEATTLE, Washington, USA},
  pages={1--5},
  year={2019},
  organization={IEEE}
}

@article{c21,
  title={DARP: Divide Areas Algorithm for Optimal Multi-Robot Coverage Path Planning},
  author={ Kapoutsis, A. C.  and  Chatzichristofis, S. A.  and  Kosmatopoulos, E. B. },
  journal={Journal of Intelligent and Robotic Systems},
  volume={86},
  number={3-4},
  pages={1-18},
  year={2017},
}


@inproceedings{c22,
  title={MSTC $\ast$: Multi-robot Coverage Path Planning under Physical Constrain},
  author={Tang, Jingtao and Sun, Chun and Zhang, Xinyu},
  booktitle={2021 IEEE International Conference on Robotics and Automation (ICRA), Xi’an China},
  pages={2518--2524},
  year={2021},
  organization={IEEE}
}

@article{c23,
  title={A-STC: auction-based spanning tree coverage algorithm for motion planning of cooperative robots},
  author={ Guan-Qiang Gao  and  Bin Xin},
  journal={Frontiers of Information Technology \& Electronic Engineering},
  number={1},
  pages={14},
  year={2019},
}

@article{c24,
  title={The giving tree: constructing trees for efficient offline and online multi-robot coverage},
  author={Agmon, Noa and Hazon, Noam and Kaminka, Gal A},
  journal={Annals of Mathematics and Artificial Intelligence},
  volume={52},
  number={2},
  pages={143--168},
  year={2008},
  publisher={Springer}
}

@inproceedings{c25,
  title={Semi-boustrophedon coverage with a dubins vehicle},
  author={Lewis, Jeremy S and Edwards, William and Benson, Kelly and Rekleitis, Ioannis and O'Kane, Jason M},
  booktitle={2017 IEEE/RSJ International Conference on Intelligent Robots and Systems (IROS), Vancouver, BC, USA},
  pages={5630--5637},
  year={2017},
  organization={IEEE}
}

@inproceedings{c26,
  title={Efficient seabed coverage path planning for ASVs and AUVs},
  author={Galceran, Enric and Carreras, Marc},
  booktitle={2012 IEEE/RSJ International Conference on Intelligent Robots and Systems, Algarve, Portugal},
  pages={88--93},
  year={2012},
  organization={IEEE}
}


@inproceedings{c27,
  title={Multi-resolution navigation of mobile robots with complete coverage of unknown and complex environments},
  author={Jin, Xin and Gupta, Shalabh and Luff, Jacqueline M and Ray, Asok},
  booktitle={2012 American Control Conference (ACC)},
  pages={4867--4872},
  year={2012},
  organization={IEEE}
}

@inproceedings{c28,
  title={The player/stage project: Tools for multi-robot and distributed sensor systems},
  author={Gerkey, Brian and Vaughan, Richard T and Howard, Andrew and others},
  booktitle={Proceedings of the 11th international conference on advanced robotics, Coimbra, Portugal},
  volume={1},
  pages={317--323},
  year={2003},
  organization={Citeseer}
}

@article{c29,
  title={A Comprehensive Review of Coverage Path Planning in Robotics using Classical and Heuristic Algorithms},
  author={Tan, Chee Sheng and Mohd-Mokhtar, Rosmiwati and Arshad, Mohd Rizal},
  journal={IEEE Access},
  year={2021},
  publisher={IEEE}
}

@article{c30,
  title={Survey on coverage path planning with unmanned aerial vehicles},
  author={Cabreira, Tau{\~a} M and Brisolara, Lisane B and Ferreira Jr, Paulo R},
  journal={Drones},
  volume={3},
  number={1},
  pages={4},
  year={2019},
  publisher={Multidisciplinary Digital Publishing Institute}
}

@article{c31,
  title={Path planning techniques for unmanned aerial vehicles: A review, solutions, and challenges},
  author={Aggarwal, Shubhani and Kumar, Neeraj},
  journal={Computer Communications},
  volume={149},
  pages={270--299},
  year={2020},
  publisher={Elsevier}
}


@article{c32,
  title={A survey on coverage path planning for robotics},
  author={Galceran, Enric and Carreras, Marc},
  journal={Robotics and Autonomous systems},
  volume={61},
  number={12},
  pages={1258--1276},
  year={2013},
  publisher={Elsevier}
}

@article{c33,
  title={FUEL: Fast UAV Exploration Using Incremental Frontier Structure and Hierarchical Planning},
  author={Zhou, Boyu and Zhang, Yichen and Chen, Xinyi and Shen, Shaojie},
  journal={IEEE Robotics and Automation Letters},
  volume={6},
  number={2},
  pages={779--786},
  year={2021},
  publisher={IEEE}
}

@inproceedings{c34,
  title={Improving grid-based slam with rao-blackwellized particle filters by adaptive proposals and selective resampling},
  author={Grisettiyz, Giorgio and Stachniss, Cyrill and Burgard, Wolfram},
  booktitle={Proceedings of the 2005 IEEE international conference on robotics and automation, Barcelona, Spain},
  pages={2432--2437},
  year={2005},
  organization={IEEE}
}

@article{c35,
  title={Improved techniques for grid mapping with rao-blackwellized particle filters},
  author={Grisetti, Giorgio and Stachniss, Cyrill and Burgard, Wolfram},
  journal={IEEE transactions on Robotics},
  volume={23},
  number={1},
  pages={34--46},
  year={2007},
  publisher={IEEE}
}

@article{c36,
  title={Near-Optimal Area-Coverage Path Planning of Energy-Constrained Aerial Robots With Application in Autonomous Environmental Monitoring},
  author={Jensen-Nau, Katharin R and Hermans, Tucker and Leang, Kam K},
  journal={IEEE Transactions on Automation Science and Engineering},
  year={2020},
  publisher={IEEE}
}

@article{c37,
  title={Coverage path planning for multiple unmanned aerial vehicles in maritime search and rescue operations},
  author={Cho, Sung Won and Park, Hyun Ji and Lee, Hanseob and Shim, David Hyunchul and Kim, Sun-Young},
  journal={Computers \& Industrial Engineering},
  volume={161},
  pages={107612},
  year={2021},
  publisher={Elsevier}
}

@inproceedings{c38,
  title={Multi-objective UAV path planning for search and rescue},
  author={Hayat, Samira and Yanmaz, Ev{\c{s}}en and Brown, Timothy X and Bettstetter, Christian},
  booktitle={2017 IEEE International Conference on Robotics and Automation (ICRA), Singapore},
  pages={5569--5574},
  year={2017},
  organization={IEEE}
}

@article{c39,
  title={Balanced connected task allocations for multi-robot systems: an exact flow-based integer program and an approximate tree-based genetic algorithm},
  author={Zhou, Xing and Wang, Huaimin and Ding, Bo and Hu, Tianjiang and Shang, Suning},
  journal={Expert Systems with Applications},
  volume={116},
  pages={10--20},
  year={2019},
  publisher={Elsevier}
}

@article{c40,
  title={Care: Cooperative autonomy for resilience and efficiency of robot teams for complete coverage of unknown environments under robot failures},
  author={Song, Junnan and Gupta, Shalabh},
  journal={Autonomous Robots},
  volume={44},
  number={3},
  pages={647--671},
  year={2020},
  publisher={Springer}
}

@article{c41,
  title={Dynamic task allocation in an uncertain environment with heterogeneous multi-agents},
  author={ElGibreen, Hebah and Youcef-Toumi, Kamal},
  journal={Autonomous Robots},
  volume={43},
  number={7},
  pages={1639--1664},
  year={2019},
  publisher={Springer}
}


@article{c42,
  title={Competitive on-line coverage of grid environments by a mobile robot},
  author={Gabriely, Yoav and Rimon, Elon},
  journal={Computational Geometry},
  volume={24},
  number={3},
  pages={197--224},
  year={2003},
  publisher={Elsevier}
}

@phdthesis{c43,
  title={Optimization approaches for a dubins vehicle in coverage planning problem and traveling salesman problems},
  author={Yu, Xin},
  year={2015}
}

@article{c44,
  title={Efficient complete coverage of a known arbitrary environment with applications to aerial operations},
  author={Xu, Anqi and Viriyasuthee, Chatavut and Rekleitis, Ioannis},
  journal={Autonomous Robots},
  volume={36},
  number={4},
  pages={365--381},
  year={2014},
  publisher={Springer}
}


@inproceedings{c45,
  title={Coverage path planning for a UAS imagery mission using column generation with a turn penalty},
  author={Choi, Younghoon and Choi, Youngjun and Briceno, Simon and Mavris, Dimitri N},
  booktitle={2018 International Conference on Unmanned Aircraft Systems (ICUAS), Dallas, TX, USA},
  pages={1109--1117},
  year={2018},
  organization={IEEE}
}


@inproceedings{c46,
  title={Multi-robot dubins coverage with autonomous surface vehicles},
  author={Karapetyan, Nare and Moulton, Jason and Lewis, Jeremy S and Li, Alberto Quattrini and O'Kane, Jason M and Rekleitis, Ioannis},
  booktitle={International Conference on Robotics and Automation (ICRA), Brisbane, Australia},
  pages={2373--2379},
  year={2018},
  organization={IEEE}
}

@article{c47,
  title={Care: Cooperative autonomy for resilience and efficiency of robot teams for complete coverage of unknown environments under robot failures},
  author={Song, Junnan and Gupta, Shalabh},
  journal={Autonomous Robots},
  volume={44},
  number={3},
  pages={647--671},
  year={2020},
  publisher={Springer}
}

@article{c48,
  title={Coverage for robotics--a survey of recent results},
  author={Choset, Howie},
  journal={Annals of mathematics and artificial intelligence},
  volume={31},
  number={1},
  pages={113--126},
  year={2001},
  publisher={Springer}
}

@inproceedings{c49,
  title={Distributed coverage with multi-robot system},
  author={Kong, Chan Sze and Peng, New Ai and Rekleitis, Ioannis},
  booktitle={Proceedings 2006 IEEE International Conference on Robotics and Automation,  Orlando, Florida},
  pages={2423--2429},
  year={2006},
  organization={IEEE}
}

@inproceedings{c50,
  title={Kinodynamic Trajectory Optimization and Control for Car-Like Robots},
  author={ Rsmann, Christoph  and  Hoffmann, F.  and  Bertram, T. },
  booktitle={2017 IEEE/RSJ International Conference on Intelligent Robots and Systems (IROS), Vancouver, BC, Canada},
  location={Vancouver, BC, Canada},
  year={2017},
}

@article{c51,
  title={Performance comparison of bug navigation algorithms},
  author={Ng, James and Br{\"a}unl, Thomas},
  journal={Journal of Intelligent and Robotic Systems},
  volume={50},
  number={1},
  pages={73--84},
  year={2007},
  publisher={Springer}
}


@inproceedings{c52,
  title={Limited communication, multi-robot team based coverage},
  author={Rekleitis, Ioannis and Lee-Shue, Vincent and New, Ai Peng and Choset, Howie},
  booktitle={2004 IEEE International Conference on Robotics and Automation, New Orleans, LA, USA},
  volume={4},
  pages={3462--3468},
  year={2004},
  organization={IEEE}
}

@incollection{c53,
  title={Distributed coverage of unknown/unstructured environments by mobile sensor networks},
  author={Rekleitis, Ioannis and New, Ai Peng and Choset, Howie},
  booktitle={Multi-Robot Systems. From Swarms to Intelligent Automata Volume III},
  pages={145--155},
  year={2005},
  publisher={Springer}
}

@article{c54,
  title={Efficient boustrophedon multi-robot coverage: an algorithmic approach},
  author={Rekleitis, Ioannis and New, Ai Peng and Rankin, Edward Samuel and Choset, Howie},
  journal={Annals of Mathematics and Artificial Intelligence},
  volume={52},
  number={2},
  pages={109--142},
  year={2008},
  publisher={Springer}
}


@inproceedings{c56,
  title={Semi-boustrophedon coverage with a dubins vehicle},
  author={Lewis, Jeremy S and Edwards, William and Benson, Kelly and Rekleitis, Ioannis and O'Kane, Jason M},
  booktitle={2017 IEEE/RSJ International Conference on Intelligent Robots and Systems (IROS), Vancouver, BC, USA },
  pages={5630--5637},
  year={2017},
  organization={IEEE}
}

@article{2015Reactive,
  title={Reactive Motion Planning for Unmanned Aerial Surveillance of Risk-Sensitive Areas},
  author={ Wallar, A.  and  Plaku, E.  and  Sofge, Donald /A/ },
  journal={IEEE Transactions on Automation Science and Engineering},
  volume={12},
  number={3},
  pages={969-980},
  year={2015},
}
@article{2021Information,
  title={Information-Driven Path Planning for UAV With Limited Autonomy in Large-Scale Field Monitoring},
  author={ Rossello, N. B.  and  Carpio, R. F.  and  Gasparri, A.  and  Garone, E. },
  journal={IEEE Transactions on Automation Science and Engineering},
  volume={PP},
  number={99},
  pages={1-11},
  year={2021},
}

@article{2020An,
  title={An Artificially Weighted Spanning Tree Coverage Algorithm for Decentralized Flying Robots},
  author={ Dong, W.  and  Liu, S.  and  Ding, Y.  and  Sheng, X.  and  Zhu, X. },
  journal={IEEE Transactions on Automation Science and Engineering},
  volume={PP},
  number={99},
  pages={1-10},
  year={2020},
}

@article{2009Coverage,
  title={Coverage of a Planar Point Set With Multiple Robots Subject to Geometric Constraints},
  author={ Chakraborty, N.  and  Akella, S.  and  Wen, J. T. },
  journal={IEEE Transactions on Automation Science and Engineering},
  volume={7},
  number={1},
  pages={111-122},
  year={2009},
}

@article{2016Machining,
  title={Machining-Based Coverage Path Planning for Automated Structural Inspection},
  author={ Macleod, C. N.  and  Dobie, G.  and  Pierce, S. G.  and  Summan, R.  and  Morozov, M. },
  journal={IEEE Transactions on Automation Science and Engineering},
  pages={1-12},
  year={2016},
}

@article{I2016Online,
  title={Online Coverage of Planar Environments by a Battery Powered Autonomous Mobile Robot},
  author={I. and Shnaps and E. and Rimon},
  journal={IEEE Transactions on Automation Science and Engineering},
  year={2016},
}

@article{2017Coordinated,
  title={Coordinated Path Planning for Fixed-Wing UAS Conducting Persistent Surveillance Missions},
  author={ Keller, J.  and  Thakur, D.  and  Likhachev, M.  and  Gallier, J.  and  Kumar, V. },
  journal={IEEE Transactions on Automation Science and Engineering},
  volume={PP},
  number={1},
  pages={1-8},
  year={2017},
}

@article{2020Modeling,
  title={Modeling and Path Planning for Persistent Surveillance by Unmanned Ground Vehicle},
  author={ Wang, T.  and  Huang, P.  and  Dong, G. },
  journal={IEEE Transactions on Automation Science and Engineering},
  volume={PP},
  number={99},
  pages={1-11},
  year={2020},
}

@article{rekleitis2008efficient,
  title={Efficient boustrophedon multi-robot coverage: an algorithmic approach},
  author={Rekleitis, Ioannis and New, Ai Peng and Rankin, Edward Samuel and Choset, Howie},
  journal={Annals of Mathematics and Artificial Intelligence},
  volume={52},
  number={2},
  pages={109--142},
  year={2008},
  publisher={Springer}
}

@article{li2022complete,
  title={Complete coverage problem of multiple robots with different velocities},
  author={Li, Lin and Shi, Dianxi and Jin, Songchang and Kang, Ying and Xue, Chao and Zhou, Xing and Liu, Hengzhu and Yu, XiaoXiao},
  journal={International Journal of Advanced Robotic Systems},
  volume={19},
  number={2},
  pages={17298806221091685},
  year={2022},
  publisher={SAGE Publications Sage UK: London, England}
}

@article{matic2014mixed,
  title={A mixed integer linear programming model and variable neighborhood search for maximally balanced connected partition problem},
  author={Mati{\'c}, Dragan},
  journal={Applied Mathematics and Computation},
  volume={237},
  pages={85--97},
  year={2014},
  publisher={Elsevier}
}

@article{sundar2017algorithms,
  title={Algorithms for heterogeneous, multiple depot, multiple unmanned vehicle path planning problems},
  author={Sundar, Kaarthik and Rathinam, Sivakumar},
  journal={Journal of Intelligent \& Robotic Systems},
  volume={88},
  number={2},
  pages={513--526},
  year={2017},
  publisher={Springer}
}

@article{miller1960integer,
  title={Integer programming formulation of traveling salesman problems},
  author={Miller, Clair E and Tucker, Albert W and Zemlin, Richard A},
  journal={Journal of the ACM (JACM)},
  volume={7},
  number={4},
  pages={326--329},
  year={1960},
  publisher={ACM New York, NY, USA}
}

@article{bixby2007gurobi,
  title={The gurobi optimizer},
  author={Bixby, Bob},
  journal={Transp. Re-search Part B},
  volume={41},
  number={2},
  pages={159--178},
  year={2007}
}

@article{wang2017curvature,
  title={Curvature continuous and bounded path planning for fixed-wing UAVs},
  author={Wang, Xiaoliang and Jiang, Peng and Li, Deshi and Sun, Tao},
  journal={Sensors},
  volume={17},
  number={9},
  pages={2155},
  year={2017},
  publisher={MDPI}
}

@article{vselek2022smooth,
  title={Smooth Complete Coverage Trajectory Planning Algorithm for a Nonholonomic Robot},
  author={{\v{S}}elek, Ana and Seder, Marija and Brezak, Mi{\v{s}}el and Petrovi{\'c}, Ivan},
  journal={Sensors},
  volume={22},
  number={23},
  pages={9269},
  year={2022},
  publisher={MDPI}
}

@article{khan2017complete,
  title={On Complete Coverage Path Planning Algorithms for Non-holonomic Mobile Robots: Survey and Challenges.},
  author={Khan, Amna and Noreen, Iram and Habib, Zulfiqar},
  journal={Journal of Information Science \& Engineering},
  volume={33},
  number={1},
  year={2017}
}

@article{dubins1957curves,
  title={On curves of minimal length with a constraint on average curvature, and with prescribed initial and terminal positions and tangents},
  author={Dubins, Lester E},
  journal={American Journal of mathematics},
  volume={79},
  number={3},
  pages={497--516},
  year={1957},
  publisher={JSTOR}
}

@inproceedings{xu2011optimal,
  title={Optimal complete terrain coverage using an unmanned aerial vehicle},
  author={Xu, Anqi and Viriyasuthee, Chatavut and Rekleitis, Ioannis},
  booktitle={2011 IEEE International conference on robotics and automation},
  pages={2513--2519},
  year={2011},
  organization={IEEE}
}

@inproceedings{yu2015optimization,
  title={An optimization approach for planning robotic field coverage},
  author={Yu, Xin and Roppel, Thaddeus A and Hung, John Y},
  booktitle={IECON 2015-41st Annual Conference of the IEEE Industrial Electronics Society},
  pages={004032--004039},
  year={2015},
  organization={IEEE}
}

@phdthesis{yu2015optimization1,
  title={Optimization approaches for a dubins vehicle in coverage planning problem and traveling salesman problems},
  author={Yu, Xin},
  year={2015}
}

@inproceedings{lewis2017semi,
  title={Semi-boustrophedon coverage with a dubins vehicle},
  author={Lewis, Jeremy S and Edwards, William and Benson, Kelly and Rekleitis, Ioannis and O'Kane, Jason M},
  booktitle={2017 IEEE/RSJ International Conference on Intelligent Robots and Systems (IROS)},
  pages={5630--5637},
  year={2017},
  organization={IEEE}
}

@inproceedings{karapetyan2018multi,
  title={Multi-robot dubins coverage with autonomous surface vehicles},
  author={Karapetyan, Nare and Moulton, Jason and Lewis, Jeremy S and Li, Alberto Quattrini and O'Kane, Jason M and Rekleitis, Ioannis},
  booktitle={2018 IEEE International Conference on Robotics and Automation (ICRA)},
  pages={2373--2379},
  year={2018},
  organization={IEEE}
}

@inproceedings{zheng2005multi,
  title={Multi-robot forest coverage},
  author={Zheng, Xiaoming and Jain, Sonal and Koenig, Sven and Kempe, David},
  booktitle={2005 IEEE/RSJ International Conference on Intelligent Robots and Systems},
  pages={3852--3857},
  year={2005},
  organization={IEEE}
}

@inproceedings{hazon2005redundancy,
  title={Redundancy, efficiency and robustness in multi-robot coverage},
  author={Hazon, Noam and Kaminka, Gal A},
  booktitle={Proceedings of the 2005 IEEE international conference on robotics and automation},
  pages={735--741},
  year={2005},
  organization={IEEE}
}

@article{gabriely2001spanning,
  title={Spanning-tree based coverage of continuous areas by a mobile robot},
  author={Gabriely, Yoav and Rimon, Elon},
  journal={Annals of mathematics and artificial intelligence},
  volume={31},
  number={1},
  pages={77--98},
  year={2001},
  publisher={Springer}
}

@inproceedings{yu2020balanced,
  title={Balanced multi-region coverage path planning for unmanned aerial vehicles},
  author={Yu, Xiaoxiao and Jin, Songchang and Shi, Dianxi and Li, Lin and Kang, Ying and Zou, Junbo},
  booktitle={2020 IEEE International Conference on Systems, Man, and Cybernetics (SMC)},
  pages={3499--3506},
  year={2020},
  organization={IEEE}
}

@article{chlebikova1996approximating,
  title={Approximating the maximally balanced connected partition problem in graphs},
  author={Chleb{\'\i}kov{\'a}, Janka},
  journal={Information Processing Letters},
  volume={60},
  number={5},
  pages={225--230},
  year={1996},
  publisher={Elsevier}
}

@article{frieze1982worst,
  title={On the worst-case performance of some algorithms for the asymmetric traveling salesman problem},
  author={Frieze, Alan M and Galbiati, Giulia and Maffioli, Francesco},
  journal={Networks},
  volume={12},
  number={1},
  pages={23--39},
  year={1982},
  publisher={Wiley Online Library}
}

@book{Rafael2022Exact,
  editor  = {Rafael Marti, Gerhard Reinelt},
  title   = {Exact and Heuristic Methods in Combinatorial Optimization},
  year    = {2022},
  address = {Heidelberger Platz 3, 14197 Berlin, Germany},
  publisher = {Springer}
}


@Misc{UAVsimulated,
    howpublished = {\url{https://github.com/mathworks/simulinkDroneReferenceApp/releases/tag/v2.1}},
    note = {2022},
    title = {Simulink Drone Reference Application},
    author = {Pablo Romero}
}

@article{fevgas2022coverage,
  title={Coverage path planning methods focusing on energy efficient and cooperative strategies for unmanned aerial vehicles},
  author={Fevgas, Georgios and Lagkas, Thomas and Argyriou, Vasileios and Sarigiannidis, Panagiotis},
  journal={Sensors},
  volume={22},
  number={3},
  pages={1235},
  year={2022},
  publisher={MDPI}
}

@article{munoz2021multi,
  title={Multi UAV Coverage Path Planning in Urban Environments},
  author={Mu{\~n}oz, Javier and L{\'o}pez, Blanca and Quevedo, Fernando and Monje, Concepci{\'o}n A and Garrido, Santiago and Moreno, Luis E},
  journal={Sensors},
  volume={21},
  number={21},
  pages={7365},
  year={2021},
  publisher={MDPI}
}

@inproceedings{wilson2019novel,
  title={Novel motion models for time-optimal risk-aware motion planning for variable-speed AUVs},
  author={Wilson, James P and Mittal, Khushboo and Gupta, Shalabh},
  booktitle={OCEANS 2019 MTS/IEEE SEATTLE},
  pages={1--5},
  year={2019},
  organization={IEEE}
}

@article{c2_33,
	title={Mix-opt: A new route operator for optimal coverage path planning for a fleet in an agricultural environment},
	author={Conesa-Mu{\~n}oz, Jesus and Pajares, Gonzalo and Ribeiro, Angela},
	journal={Expert Systems with Applications},
	volume={54},
	pages={364--378},
	year={2016},
	publisher={Elsevier}
}

@article{chen2021clustering,
  title={A clustering-based coverage path planning method for autonomous heterogeneous UAVs},
  author={Chen, Jinchao and Du, Chenglie and Zhang, Ying and Han, Pengcheng and Wei, Wei},
  journal={IEEE Transactions on Intelligent Transportation Systems},
  year={2021},
  publisher={IEEE}
}

@inproceedings{vandermeulen2019turn,
  title={Turn-minimizing multirobot coverage},
  author={Vandermeulen, Isaac and Gro{\ss}, Roderich and Kolling, Andreas},
  booktitle={2019 International Conference on Robotics and Automation (ICRA)},
  pages={1014--1020},
  year={2019},
  organization={IEEE}
}

@inproceedings{coombes2019flight,
  title={Flight testing Boustrophedon coverage path planning for fixed wing UAVs in wind},
  author={Coombes, Matthew and Chen, Wen-Hua and Liu, Cunjia},
  booktitle={2019 International Conference on Robotics and Automation (ICRA)},
  pages={711--717},
  year={2019},
  organization={IEEE}
}

@article{maini2022online,
  title={Online coverage planning for an autonomous weed mowing robot with curvature constraints},
  author={Maini, Parikshit and Gonultas, Burak M and Isler, Volkan},
  journal={IEEE Robotics and Automation Letters},
  volume={7},
  number={2},
  pages={5445--5452},
  year={2022},
  publisher={IEEE}
}
